Query Results from the ADS Database


Retrieved 7 abstracts, starting with number 1.  Total number selected: 7.

ARTICLE{Kenyon2004,
   author = {{Kenyon}, S.~J. and {Bromley}, B.~C.},
    title = "{The Size Distribution of Kuiper Belt Objects}",
  journal = {\aj},
   eprint = {astro-ph/0406556},
 keywords = {Stars: Circumstellar Matter, Kuiper Belt, Stars: Planetary Systems: General, Planets and Satellites: Formation, Solar System: Formation},
     year = 2004,
    month = oct,
   volume = 128,
    pages = {1916-1926},
      doi = {10.1086/423697},
   adsurl = {http://adsabs.harvard.edu/abs/2004AJ....128.1916K},
  adsnote = {Provided by the SAO/NASA Astrophysics Data System}
}

@ARTICLE{Kenyon1999ApJ,
   author = {{Kenyon}, S.~J. and {Luu}, J.~X.},
    title = "{Accretion in the Early Outer Solar System}",
  journal = {\apj},
   eprint = {astro-ph/9906143},
 keywords = {SOLAR SYSTEM: FORMATION, KUIPER BELT, OORT CLOUD},
     year = 1999,
    month = nov,
   volume = 526,
    pages = {465-470},
      doi = {10.1086/308000},
   adsurl = {http://adsabs.harvard.edu/abs/1999ApJ...526..465K},
  adsnote = {Provided by the SAO/NASA Astrophysics Data System}
}

@ARTICLE{Kenyon1999AJ,
   author = {{Kenyon}, S.~J. and {Luu}, J.~X.},
    title = "{Accretion in the Early Kuiper Belt. II. Fragmentation}",
  journal = {\aj},
   eprint = {astro-ph/9904115},
 keywords = {KUIPER BELT, OORT CLOUD, SOLAR SYSTEM: FORMATION},
     year = 1999,
    month = aug,
   volume = 118,
    pages = {1101-1119},
      doi = {10.1086/300969},
   adsurl = {http://adsabs.harvard.edu/abs/1999AJ....118.1101K},
  adsnote = {Provided by the SAO/NASA Astrophysics Data System}
}

@ARTICLE{Kenyon1998AJ,
   author = {{Kenyon}, S.~J. and {Luu}, J.~X.},
    title = "{Accretion in the Early Kuiper Belt. I. Coagulation and Velocity Evolution}",
  journal = {\aj},
   eprint = {astro-ph/9804185},
 keywords = {KUIPER BELT OBJECTS},
     year = 1998,
    month = may,
   volume = 115,
    pages = {2136-2160},
      doi = {10.1086/300331},
   adsurl = {http://adsabs.harvard.edu/abs/1998AJ....115.2136K},
  adsnote = {Provided by the SAO/NASA Astrophysics Data System}
}

@ARTICLE{Stern1997ApJ,
   author = {{Stern}, S.~A. and {Colwell}, J.~E.},
    title = "{Collisional Erosion in the Primordial Edgeworth-Kuiper Belt and the Generation of the 30-50 AU Kuiper Gap}",
  journal = {\apj},
 keywords = {SOLAR SYSTEM: FORMATION, SOLAR SYSTEM: GENERAL, COMETS: GENERAL},
     year = 1997,
    month = dec,
   volume = 490,
    pages = {879},
      doi = {10.1086/304912},
   adsurl = {http://adsabs.harvard.edu/abs/1997ApJ...490..879S},
  adsnote = {Provided by the SAO/NASA Astrophysics Data System}
}

@ARTICLE{Stern1997AJ,
   author = {{Stern}, S.~A. and {Colwell}, J.~E.},
    title = "{Accretion in the Edgeworth-Kuiper Belt: Forming 100-1000 KM Radius Bodies at 30 AU and Beyond.}",
  journal = {\aj},
 keywords = {ACCRETION, INTERPLANETARY MEDIUM, MINOR PLANETS},
     year = 1997,
    month = aug,
   volume = 114,
    pages = {841},
      doi = {10.1086/118518},
   adsurl = {http://adsabs.harvard.edu/abs/1997AJ....114..841S},
  adsnote = {Provided by the SAO/NASA Astrophysics Data System}
}

@ARTICLE{Stern1996AJ,
   author = {{Stern}, S.~A.},
    title = "{On the Collisional Environment, Accretion Time Scales, and Architecture of the Massive, Primordial Kuiper Belt.}",
  journal = {\aj},
 keywords = {INTERPLANETARY MEDIUM, COMETS: GENERAL, ACCRETION},
     year = 1996,
    month = sep,
   volume = 112,
    pages = {1203},
      doi = {10.1086/118091},
   adsurl = {http://adsabs.harvard.edu/abs/1996AJ....112.1203S},
  adsnote = {Provided by the SAO/NASA Astrophysics Data System}
}


