Query Results from the ADS Database


Retrieved 6 abstracts, starting with number 1.  Total number selected: 6.

@INPROCEEDINGS{Kortenkamp2001DPS,
   author = {{Kortenkamp}, S.~J. and {Hamilton}, D.~P.},
    title = "{Capture of Trojan Asteroids in the Early Solar Nebula}",
booktitle = {AAS/Division for Planetary Sciences Meeting Abstracts \#33},
     year = 2001,
   series = {Bulletin of the American Astronomical Society},
   volume = 33,
    month = nov,
    pages = {1086},
   adsurl = {http://adsabs.harvard.edu/abs/2001DPS....33.2506K},
  adsnote = {Provided by the SAO/NASA Astrophysics Data System}
}

@ARTICLE{Fleming2000Icar,
   author = {{Fleming}, H.~J. and {Hamilton}, D.~P.},
    title = "{On the Origin of the Trojan Asteroids: Effects of Jupiter's Mass Accretion and Radial Migration}",
  journal = {\icarus},
   eprint = {astro-ph/0007296},
     year = 2000,
    month = dec,
   volume = 148,
    pages = {479-493},
      doi = {10.1006/icar.2000.6523},
   adsurl = {http://adsabs.harvard.edu/abs/2000Icar..148..479F},
  adsnote = {Provided by the SAO/NASA Astrophysics Data System}
}

@ARTICLE{Marzari1998Icar,
   author = {{Marzari}, F. and {Scholl}, H.},
    title = "{Capture of Trojans by a Growing Proto-Jupiter}",
  journal = {\icarus},
     year = 1998,
    month = jan,
   volume = 131,
    pages = {41-51},
      doi = {10.1006/icar.1997.5841},
   adsurl = {http://adsabs.harvard.edu/abs/1998Icar..131...41M},
  adsnote = {Provided by the SAO/NASA Astrophysics Data System}
}

@ARTICLE{Kary1995Icar,
   author = {{Kary}, D.~M. and {Lissauer}, J.~J.},
    title = "{Nebular gas drag and planetary accretion. II. Planet on an eccentric orbit.}",
  journal = {\icarus},
     year = 1995,
    month = sep,
   volume = 117,
    pages = {1-24},
      doi = {10.1006/icar.1995.1139},
   adsurl = {http://adsabs.harvard.edu/abs/1995Icar..117....1K},
  adsnote = {Provided by the SAO/NASA Astrophysics Data System}
}

@ARTICLE{Peale1993Icar,
   author = {{Peale}, S.~J.},
    title = "{The effect of the nebula on the Trojan precursors}",
  journal = {\icarus},
 keywords = {Protoplanets, Libration, Jupiter (Planet), Asteroids, Solar Orbits, Spatial Distribution, Poynting-Robertson Effect, Angular Velocity, Numerical Analysis},
     year = 1993,
    month = nov,
   volume = 106,
    pages = {308},
      doi = {10.1006/icar.1993.1173},
   adsurl = {http://adsabs.harvard.edu/abs/1993Icar..106..308P},
  adsnote = {Provided by the SAO/NASA Astrophysics Data System}
}

@ARTICLE{Yoder1979Icar,
   author = {{Yoder}, C.~F.},
    title = "{Notes on the origin of the Trojan asteroids}",
  journal = {\icarus},
 keywords = {Asteroids, Cosmology, Jupiter (Planet), Planetary Evolution, Trojan Orbits, Comets, Orbital Mechanics, Outgassing, Secular Variations, ASTEROIDS, ORIGIN, TROJAN ASTEROIDS, MODELS, JUPITER, EVOLUTION, ORBITS, INCLINATION, ECCENTRICITY, SATELLITES, LIBRATIONS, DUST, AMPLITUDES, DYNAMICS, ACCRETION, COLLISIONS, COMETS, PARAMETERS, RESONANCE, ANGULAR MOMENTUM, EJECTION, MOMENTUM, SATURN, PLANETS},
     year = 1979,
    month = dec,
   volume = 40,
    pages = {341-344},
      doi = {10.1016/0019-1035(79)90024-1},
   adsurl = {http://adsabs.harvard.edu/abs/1979Icar...40..341Y},
  adsnote = {Provided by the SAO/NASA Astrophysics Data System}
}

@INPROCEEDINGS{Shoemaker1989aste,
   author = {{Shoemaker}, E.~M. and {Shoemaker}, C.~S. and {Wolfe}, R.~F.
	},
    title = "{Trojan asteroids - Populations, dynamical structure and origin of the L4 and L5 swarms}",
 keywords = {Asteroid Belts, Dynamic Characteristics, Orbital Elements, Planetary Structure, Trojan Orbits, Meteorite Collisions, Planetary Evolution, Planetary Orbits, Protoplanets},
booktitle = {Asteroids II},
     year = 1989,
   editor = {{Binzel}, R.~P. and {Gehrels}, T. and {Matthews}, M.~S.},
    pages = {487-523},
   adsurl = {http://adsabs.harvard.edu/abs/1989aste.conf..487S},
  adsnote = {Provided by the SAO/NASA Astrophysics Data System}
}



