Query Results from the ADS Database


Retrieved 3 abstracts, starting with number 1.  Total number selected: 3.

@INPROCEEDINGS{Chambers2002LPI,
   author = {{Chambers}, J.~E. and {Lissauer}, J.~J.},
    title = "{A New Dynamical Model for the Lunar Late Heavy Bombardment}",
booktitle = {Lunar and Planetary Science Conference},
     year = 2002,
   series = {Lunar and Planetary Science Conference},
   volume = 33,
    month = mar,
    pages = {1093},
   adsurl = {http://adsabs.harvard.edu/abs/2002LPI....33.1093C},
  adsnote = {Provided by the SAO/NASA Astrophysics Data System}
}

@ARTICLE{Levison2001Icar,
   author = {{Levison}, H.~F. and {Dones}, L. and {Chapman}, C.~R. and {Stern}, S.~A. and 
	{Duncan}, M.~J. and {Zahnle}, K.},
    title = "{Could the Lunar ``Late Heavy Bombardment'' Have Been Triggered by the Formation of Uranus and Neptune?}",
  journal = {\icarus},
     year = 2001,
    month = jun,
   volume = 151,
    pages = {286-306},
      doi = {10.1006/icar.2001.6608},
   adsurl = {http://adsabs.harvard.edu/abs/2001Icar..151..286L},
  adsnote = {Provided by the SAO/NASA Astrophysics Data System}
}

@ARTICLE{Zappal1998Icar,
   author = {{Zappal{\`a}}, V. and {Cellino}, A. and {Gladman}, B.~J. and 
	{Manley}, S. and {Migliorini}, F.},
    title = "{NOTE: Asteroid Showers on Earth after Family Breakup Events}",
  journal = {\icarus},
     year = 1998,
    month = jul,
   volume = 134,
    pages = {176-179},
      doi = {10.1006/icar.1998.5946},
   adsurl = {http://adsabs.harvard.edu/abs/1998Icar..134..176Z},
  adsnote = {Provided by the SAO/NASA Astrophysics Data System}
}


@INPROCEEDINGS{Levison2004ASPC,
   author = {{Levison}, H.~F. and {Thommes}, E. and {Duncan}, M.~J. and {Dones}, L.
	},
    title = "{A Fairy Tale about the Formation of Uranus and Neptune and the Lunar Late Heavy Bombardment}",
booktitle = {Debris Disks and the Formation of Planets},
     year = 2004,
   series = {Astronomical Society of the Pacific Conference Series},
   volume = 324,
   editor = {{Caroff}, L. and {Moon}, L.~J. and {Backman}, D. and {Praton}, E.
	},
    month = dec,
    pages = {152},
   adsurl = {http://adsabs.harvard.edu/abs/2004ASPC..324..152L},
  adsnote = {Provided by the SAO/NASA Astrophysics Data System}
}

