
@ARTICLE{Porco2005Sci,
   author = {{Porco}, C.~C. and {Baker}, E. and {Barbara}, J. and {Beurle}, K. and 
	{Brahic}, A. and {Burns}, J.~A. and {Charnoz}, S. and {Cooper}, N. and 
	{Dawson}, D.~D. and {Del Genio}, A.~D. and {Denk}, T. and {Dones}, L. and 
	{Dyudina}, U. and {Evans}, M.~W. and {Giese}, B. and {Grazier}, K. and 
	{Helfenstein}, P. and {Ingersoll}, A.~P. and {Jacobson}, R.~A. and 
	{Johnson}, T.~V. and {McEwen}, A. and {Murray}, C.~D. and {Neukum}, G. and 
	{Owen}, W.~M. and {Perry}, J. and {Roatsch}, T. and {Spitale}, J. and 
	{Squyres}, S. and {Thomas}, P.~C. and {Tiscareno}, M. and {Turtle}, E. and 
	{Vasavada}, A.~R. and {Veverka}, J. and {Wagner}, R. and {West}, R.
	},
    title = "{Cassini Imaging Science: Initial Results on Phoebe and Iapetus}",
  journal = {Science},
     year = 2005,
    month = feb,
   volume = 307,
    pages = {1237-1242},
      doi = {10.1126/science.1107981},
   adsurl = {http://adsabs.harvard.edu/abs/2005Sci...307.1237P},
  adsnote = {Provided by the SAO/NASA Astrophysics Data System}
}

@ARTICLE{Grav2004ApJ,
   author = {{Grav}, T. and {Holman}, M.~J. and {Fraser}, W.~C.},
    title = "{Photometry of Irregular Satellites of Uranus and Neptune}",
  journal = {\apjl},
   eprint = {astro-ph/0405605},
 keywords = {Planets and Satellites: Formation, Planets and Satellites: Individual: Caliban, Planets and Satellites: Individual: Nereid, Planets and Satellites: Individual: S/2002 N1, Planets and Satellites: Individual: Sycorax, Planets and Satellites: Individual: Trinculo},
     year = 2004,
    month = sep,
   volume = 613,
    pages = {L77-L80},
      doi = {10.1086/424997},
   adsurl = {http://adsabs.harvard.edu/abs/2004ApJ...613L..77G},
  adsnote = {Provided by the SAO/NASA Astrophysics Data System}
}

@ARTICLE{GravHolman2004ApJ,
   author = {{Grav}, T. and {Holman}, M.~J.},
    title = "{Near-Infrared Photometry of the Irregular Satellites of Jupiter and Saturn}",
  journal = {\apjl},
   eprint = {astro-ph/0312571},
 keywords = {Planets and Satellites: General, Planets and Satellites: Individual: Ananke, Planets and Satellites: Individual: Himalia, Planets and Satellites: Individual: Pasiphae, Planets and Satellites: Individual: Phoebe, Planets and Satellites: Individual: Sinope},
     year = 2004,
    month = apr,
   volume = 605,
    pages = {L141-L144},
      doi = {10.1086/420881},
   adsurl = {http://adsabs.harvard.edu/abs/2004ApJ...605L.141G},
  adsnote = {Provided by the SAO/NASA Astrophysics Data System}
}

@ARTICLE{Grav2003Icar,
   author = {{Grav}, T. and {Holman}, M.~J. and {Gladman}, B.~J. and {Aksnes}, K.
	},
    title = "{Photometric survey of the irregular satellites}",
  journal = {\icarus},
   eprint = {astro-ph/0301016},
 keywords = {Photometry, Satellite of Jupiter, Satellite of Saturn, Satellite of Uranus, satellite},
     year = 2003,
    month = nov,
   volume = 166,
    pages = {33-45},
      doi = {10.1016/j.icarus.2003.07.005},
   adsurl = {http://adsabs.harvard.edu/abs/2003Icar..166...33G},
  adsnote = {Provided by the SAO/NASA Astrophysics Data System}
}

@ARTICLE{Sykes2000Icar,
   author = {{Sykes}, M.~V. and {Nelson}, B. and {Cutri}, R.~M. and {Kirkpatrick}, D.~J. and 
	{Hurt}, R. and {Skrutskie}, M.~F.},
    title = "{Near-Infrared Observations of the Outer Jovian Satellites}",
  journal = {\icarus},
     year = 2000,
    month = feb,
   volume = 143,
    pages = {371-375},
      doi = {10.1006/icar.1999.6269},
   adsurl = {http://adsabs.harvard.edu/abs/2000Icar..143..371S},
  adsnote = {Provided by the SAO/NASA Astrophysics Data System}
}

@ARTICLE{Brown2000AJ,
   author = {{Brown}, M.~E.},
    title = "{Near-Infrared Spectroscopy of Centaurs and Irregular Satellites}",
  journal = {\aj},
 keywords = {KUIPER BELT, OORT CLOUD, MINOR PLANETS, ASTEROIDS, PLANETS AND SATELLITES: INDIVIDUAL (ELARA, HIMALIA, NEREID, PASAPHAE, PHOEBE)},
     year = 2000,
    month = feb,
   volume = 119,
    pages = {977-983},
      doi = {10.1086/301202},
   adsurl = {http://adsabs.harvard.edu/abs/2000AJ....119..977B},
  adsnote = {Provided by the SAO/NASA Astrophysics Data System}
}

@ARTICLE{Dumas1998Icar,
   author = {{Dumas}, C. and {Owen}, T. and {Barucci}, M.~A.},
    title = "{Near-Infrared Spectroscopy of Low-Albedo Surfaces of the Solar System: Search for the Spectral Signature of Dark Material}",
  journal = {\icarus},
     year = 1998,
    month = jun,
   volume = 133,
    pages = {221-232},
      doi = {10.1006/icar.1998.5927},
   adsurl = {http://adsabs.harvard.edu/abs/1998Icar..133..221D},
  adsnote = {Provided by the SAO/NASA Astrophysics Data System}
}

@ARTICLE{Degewij1980Icar,
   author = {{Degewij}, J. and {Cruikshank}, D.~P. and {Hartmann}, W.~K.},
    title = "{Near-infrared colorimetry of J6 Himalia and S9 Phoebe - A summary of 0.3- to 2.2-micron reflectances}",
  journal = {\icarus},
 keywords = {Colorimetry, Infrared Astronomy, Jupiter Satellites, Near Infrared Radiation, Phoebe, Satellite Surfaces, Spectral Reflectance, Albedo, Asteroids, Jupiter (Planet), Saturn Satellites, Telescopes},
     year = 1980,
    month = nov,
   volume = 44,
    pages = {541-547},
      doi = {10.1016/0019-1035(80)90043-3},
   adsurl = {http://adsabs.harvard.edu/abs/1980Icar...44..541D},
  adsnote = {Provided by the SAO/NASA Astrophysics Data System}
}

@ARTICLE{Cruikshank1980Icar,
   author = {{Cruikshank}, D.~P.},
    title = "{Near-infrared studies of the satellites of Saturn and Uranus}",
  journal = {\icarus},
 keywords = {Infrared Astronomy, Infrared Spectrophotometers, Natural Satellites, Near Infrared Radiation, Oberon, Saturn (Planet), Uranus (Planet), Albedo, Astronomical Spectroscopy, Iapetus, Ice, Planetary Evolution, Spectral Reflectance, Spectral Signatures, Spectroscopic Analysis, Titania, Umbriel, PLANETS, SATURN, URANUS, SATELLITES, INFRARED, SPECTROPHOTOMETRY, ENCELADUS, HYPERION, PHOEBE, UMBRIEL, TITANIA, OBERON, ICE, WATER, OBSERVATION, REFLECTIVITY, DATA, SPECTRUM, RINGS, ALBEDO, ASTEROIDS, WAVELENGTHS, MIRANDA, ARIEL, TETHYS, CATALOGS, DIONE, RHEA, ULTRAVIOLET},
     year = 1980,
    month = feb,
   volume = 41,
    pages = {246-258},
      doi = {10.1016/0019-1035(80)90008-1},
   adsurl = {http://adsabs.harvard.edu/abs/1980Icar...41..246C},
  adsnote = {Provided by the SAO/NASA Astrophysics Data System}
}

